@online{ruz,
	title= {Расписание СПбПУ},
	url =          {http://ruz.spbstu.ru},
	urldate =      {2021-03-11},
	hyphenation =     {russian}
}

@online{1с,
	title= {1С: ХроноГраф Расписание},
	url =          {https://1c.ru/rus/products/1c/predpr/compat/catalog/solution.jsp?SolutionID=15710},
	urldate =      {2021-03-11},
	hyphenation =     {russian}
}

@online{avtor,
	title= {АВТОРасписание},
	url =          {http://avtor.bravosoft.org/},
	urldate =      {2021-03-11},
	hyphenation =     {russian}
}

@online{galaktica,
	title= {Галактика Расписание учебных занятий},
	url =          {https://galaktika-it.ru},
	urldate =      {2021-03-11},
	hyphenation =     {russian}
}

@online{unitime,
	title= {Apereo UniTime},
	url =          {https://www.unitime.org/},
	urldate =      {2021-03-11},
	hyphenation =     {russian}
}

@online{lantiv,
	title= {Lantiv Scheduling Studio},
	url =          {https://scheduling-studio.lantiv.com/},
	urldate =      {2021-03-11},
	hyphenation =     {russian}
}

@online{dfs1,
	title= {The Art of Computer Programming Vol 1. 3rd ed},
	url =          {https://www-cs-faculty.stanford.edu/~knuth/taocp.html},
	author = {Knuth D.; },
	urldate =     {2021-02-17},
	year     = {1997},
	hyphenation =     {russian}
}

@book{minimax,
	title= {Statistics: Fourth International Student Edition},
	author = {Freedman D.; Pisani R.;},
	pages   = {31-56},
	year     = {2007}
}

@book{gen,
	title= {Evolutionary Multiobjective Optimization. Theoretical Advances and Applications},
	author = {Abraham A.; Jain L.;},
	pages   = {111-187},
	year     = {2005}
}

@online{branch,
	title= {An automatic method of solving discrete programming problems},
	url = {https://jmvidal.cse.sc.edu/library/land60a.pdf},
	author = {Land A.; Doig A.;},
	urldate =     {2021-02-17},
	year     = {1960}
}

@book{zhad,
	title= {Совершенный алгоритм. Жадные алгоритмы и динамическое программирование},
	author = {Roughgarden T.;},
	year     = {2020}
}

@online{sim,
	title= {On simulated annealing phase transitions in phylogeny reconstruction},
	url =          {https://www.ncbi.nlm.nih.gov/pmc/articles/PMC4912009/},
	author = {Strobl M.; Barker D.;},
	urldate =     {2021-02-19},
	year     = {2016},
	hyphenation =     {russian}
}

@online{spring,
	title= {Spring Framework documentation},
	url =          {https://spring.io/projects/spring-framework},
	urldate =     {2021-03-17},
	hyphenation =     {russian}
}

@online{dropwizard,
	title= {Dropwizard Docs},
	url =          {https://www.dropwizard.io/en/latest/getting-started.html},
	urldate =     {2021-03-17},
	hyphenation =     {russian}
}

@online{vertx,
	title= {Vert.x Docs},
	url =          {https://vertx.io/docs/},
	urldate =     {2021-03-17},
	hyphenation =     {russian}
}

@online{hibernate,
	title= {Hibernate Docs},
	url =          {https://hibernate.org/orm/documentation/5.4/},
	urldate =     {2021-04-02},
	hyphenation =     {russian}
}