% Examples from https://verbosus.com/bibtex-style-examples.html
@online{ruz,
	title= {Расписание СПбПу},
	url =          {http://ruz.spbstu.ru},
	urldate =      {2021-03-11},
	hyphenation =     {russian}
}

@online{1с,
	title= {1С: ХроноГраф Расписание},
	url =          {https://1c.ru/rus/products/1c/predpr/compat/catalog/solution.jsp?SolutionID=15710},
	urldate =      {2021-03-11},
	hyphenation =     {russian}
}

@online{avtor,
	title= {АВТОРасписание},
	url =          {http://avtor.bravosoft.org/},
	urldate =      {2021-03-11},
	hyphenation =     {russian}
}

@online{galaktica,
	title= {Галактика Расписание учебных занятий},
	url =          {https://galaktika-it.ru},
	urldate =      {2021-03-11},
	hyphenation =     {russian}
}

@online{unitime,
	title= {Apereo UniTime},
	url =          {https://www.unitime.org/},
	urldate =      {2021-03-11},
	hyphenation =     {russian}
}

@online{lantiv,
	title= {Lantiv Scheduling Studio},
	url =          {https://scheduling-studio.lantiv.com/},
	urldate =      {2021-03-11},
	hyphenation =     {russian}
}

@online{dfs,
	title= {The Art of Computer Programming Vol 1. 3rd ed},
	url =          {https://www-cs-faculty.stanford.edu/~knuth/taocp.html},
	author = {Knuth, Donald E.},
	urldate =     {2021-02-17},
	year     = {1997},
	hyphenation =     {russian}
}

@book{minimax,
	title= {Statistics: Fourth International Student Edition},
	author = {Freedman D., Pisani R., Purves R.},
	year     = {2007}
}


@book{branch,
	title= {An automatic method of solving discrete programming problems},
	author = {Land A. H.; Doig },
	year     = {1960},
	hyphenation =     {russian}
}

@online{sim,
	title= {On simulated annealing phase transitions in phylogeny reconstruction},
	url =          {https://www.ncbi.nlm.nih.gov/pmc/articles/PMC4912009/},
	author = {Strobl, M.A.R.; Barker, D.},
	urldate =     {2021-02-19},
	year     = {2016},
	hyphenation =     {russian}
}